<record xmlns='http://www.loc.gov/MARC21/slim'><leader>01769cas a22004091i 4500</leader><controlfield tag='001'>994264203506421</controlfield><controlfield tag='005'>20200729211156.0</controlfield><controlfield tag='008'>870921c18699999enkwr p       0   a0eng d</controlfield><datafield ind1=' ' ind2=' ' tag='010'><subfield code='a'>   12037118 //r863 </subfield></datafield><datafield ind1=' ' ind2=' ' tag='022'><subfield code='a'>0028-0836</subfield><subfield code='z'>0302-2889</subfield></datafield><datafield ind1=' ' ind2=' ' tag='035'><subfield code='a'>(OCoLC)1586310</subfield></datafield><datafield ind1=' ' ind2=' ' tag='035'><subfield code='a'>(CStRLIN)NJPG87-S3166</subfield></datafield><datafield ind1=' ' ind2=' ' tag='035'><subfield code='9'>ACA1996TS</subfield></datafield><datafield ind1=' ' ind2=' ' tag='035'><subfield code='a'>426420</subfield></datafield><datafield ind1=' ' ind2=' ' tag='035'><subfield code='a'>(NjP)426420-princetondb</subfield></datafield><datafield ind1=' ' ind2=' ' tag='040'><subfield code='a'>MnMULS</subfield><subfield code='c'>MnMULS</subfield><subfield code='d'>NjP</subfield></datafield><datafield ind1=' ' ind2=' ' tag='042'><subfield code='a'>nsdp</subfield><subfield code='a'>lc</subfield></datafield><datafield ind1='0' ind2='0' tag='050'><subfield code='a'>Q1</subfield><subfield code='b'>.N2</subfield></datafield><datafield ind1='0' ind2=' ' tag='130'><subfield code='a'>Nature (London, England)</subfield><subfield code='0'>http://id.loc.gov/authorities/names/n90725469</subfield></datafield><datafield ind1=' ' ind2='0' tag='222'><subfield code='a'>Nature</subfield><subfield code='b'>(London)</subfield></datafield><datafield ind1='0' ind2='0' tag='245'><subfield code='a'>Nature.</subfield></datafield><datafield ind1='3' ind2='0' tag='246'><subfield code='a'>Nature.</subfield><subfield code='p'>New biology</subfield><subfield code='f'>1971-1973</subfield></datafield><datafield ind1='3' ind2='0' tag='246'><subfield code='a'>Nature.</subfield><subfield code='p'>Physical sciences</subfield><subfield code='f'>1971-1973</subfield></datafield><datafield ind1=' ' ind2=' ' tag='260'><subfield code='a'>London :</subfield><subfield code='b'>Macmillan Journals,</subfield><subfield code='c'>1869-</subfield></datafield><datafield ind1=' ' ind2=' ' tag='300'><subfield code='a'>v. :</subfield><subfield code='b'>ill. ;</subfield><subfield code='c'>26-28 cm.</subfield></datafield><datafield ind1=' ' ind2=' ' tag='310'><subfield code='a'>Weekly</subfield></datafield><datafield ind1='0' ind2=' ' tag='362'><subfield code='a'>Vol. 1, no. 1 (Nov. 4, 1869)-</subfield></datafield><datafield ind1=' ' ind2=' ' tag='515'><subfield code='a'>With v. 7, no. 158, issue numbering is independent of volume numbering.</subfield></datafield><datafield ind1=' ' ind2=' ' tag='525'><subfield code='a'>Supplements accompany some issues.</subfield></datafield><datafield ind1=' ' ind2=' ' tag='580'><subfield code='a'>Vols. 229-246, Jan. 1971-Dec. 1973, issued in three parts. The two new parts, Nature. New biology, and Nature. Physical sciences, continued the volume numbering of Nature in addition to carrying their own issue numbering. With v. 246, Dec. 1973, Nature: new biology, and Nature: physical sciences, ceased publication and were absorbed by Nature.</subfield></datafield><datafield ind1=' ' ind2='0' tag='650'><subfield code='a'>Science</subfield><subfield code='v'>Periodicals.</subfield><subfield code='0'>http://id.loc.gov/authorities/subjects/sh85118580</subfield></datafield><datafield ind1=' ' ind2='7' tag='655'><subfield code='a'>Periodicals.</subfield><subfield code='2'>lcgft</subfield><subfield code='0'>http://id.loc.gov/authorities/genreForms/gf2014026139</subfield></datafield><datafield ind1='1' ind2=' ' tag='770'><subfield code='t'>Nature. Supplement</subfield></datafield><datafield ind1='1' ind2=' ' tag='787'><subfield code='t'>Nature. Physical science</subfield><subfield code='x'>0300-8746</subfield></datafield><datafield ind1='1' ind2=' ' tag='787'><subfield code='t'>Nature. New biology</subfield><subfield code='x'>0369-4887</subfield></datafield><datafield ind1=' ' ind2=' ' tag='911'><subfield code='a'>19950425</subfield></datafield><datafield ind1=' ' ind2=' ' tag='912'><subfield code='a'>19950331000000.0</subfield></datafield><datafield ind1=' ' ind2=' ' tag='998'><subfield code='a'>03/31/95</subfield><subfield code='s'>9120</subfield><subfield code='n'>NjP</subfield><subfield code='w'>DCLC1237118S</subfield><subfield code='d'>09/21/87</subfield><subfield code='c'>DPK</subfield><subfield code='b'>JKS</subfield><subfield code='i'>950331</subfield><subfield code='l'>NJPG</subfield></datafield><datafield ind1=' ' ind2=' ' tag='INT'><subfield code='a'>P</subfield></datafield><datafield ind1=' ' ind2=' ' tag='INST'><subfield code='a'>01PRI_INST</subfield></datafield><datafield ind1=' ' ind2=' ' tag='AVA'><subfield code='0'>994264203506421</subfield><subfield code='8'>2284677130006421</subfield><subfield code='a'>01PRI_INST</subfield><subfield code='b'>engineer</subfield><subfield code='c'>Serials</subfield><subfield code='d'>Q1 .N3</subfield><subfield code='e'>available</subfield><subfield code='f'>239</subfield><subfield code='g'>0</subfield><subfield code='j'>serial</subfield><subfield code='k'>0</subfield><subfield code='p'>1</subfield><subfield code='q'>Engineering Library</subfield><subfield code='t'>LATEST YEAR ONLY RETAINED</subfield><subfield code='t'></subfield><subfield code='t'></subfield></datafield><datafield ind1=' ' ind2=' ' tag='AVA'><subfield code='0'>994264203506421</subfield><subfield code='8'>2284684460006421</subfield><subfield code='a'>01PRI_INST</subfield><subfield code='b'>annex</subfield><subfield code='c'>Stacks</subfield><subfield code='d'>Q1 .N3</subfield><subfield code='e'>available</subfield><subfield code='f'>199</subfield><subfield code='g'>0</subfield><subfield code='j'>stacks</subfield><subfield code='k'>0</subfield><subfield code='p'>2</subfield><subfield code='q'>Forrestal Annex</subfield><subfield code='t'>Vol. 212, no. 5057 (Oct. 1966)-v. 342, no. 6252 (Dec. 21/28, 1989)</subfield><subfield code='t'></subfield><subfield code='t'></subfield></datafield><datafield ind1=' ' ind2=' ' tag='AVA'><subfield code='0'>994264203506421</subfield><subfield code='8'>2284673070006421</subfield><subfield code='a'>01PRI_INST</subfield><subfield code='b'>recap</subfield><subfield code='c'>Remote Storage: Lewis Library use only</subfield><subfield code='d'>Q1 .N3</subfield><subfield code='e'>check_holdings</subfield><subfield code='j'>pn</subfield><subfield code='k'>0</subfield><subfield code='p'>3</subfield><subfield code='q'>ReCAP</subfield><subfield code='t'>Vol. 9 (Nov. 1873)-v. 555, issue no. 7697 (22 Mar. 2018)</subfield><subfield code='t'></subfield><subfield code='t'></subfield><subfield code='t'></subfield><subfield code='t'></subfield></datafield><datafield ind1=' ' ind2=' ' tag='AVA'><subfield code='0'>994264203506421</subfield><subfield code='8'>2284665060006421</subfield><subfield code='a'>01PRI_INST</subfield><subfield code='b'>lewis</subfield><subfield code='c'>Serials (shelved by serial title)</subfield><subfield code='d'>8001.673</subfield><subfield code='e'>check_holdings</subfield><subfield code='j'>serial</subfield><subfield code='k'>8</subfield><subfield code='p'>4</subfield><subfield code='q'>Lewis Library</subfield><subfield code='t'>Vol. 1, no. 1 (Nov. 4, 1869)-v. 572, issue no. 7771 (29 Aug. 2019)</subfield><subfield code='t'></subfield><subfield code='t'></subfield><subfield code='t'></subfield><subfield code='t'></subfield></datafield><datafield ind1=' ' ind2=' ' tag='AVE'><subfield code='8'>53333050990006421</subfield><subfield code='e'>Not Available</subfield><subfield code='l'>online</subfield><subfield code='u'>publishing_base_url undefined?u.ignore_date_coverage=true&amp;rft.mms_id=994264203506421</subfield></datafield></record>